% Encoding: utf-8

@ARTICLE{Aldroubi01,
  author = {Akram Aldroubi and Karlheinz Gr√∂chenig},
  title = {Nonuniform Sampling and Reconstruction in Shift-Invariant Spaces},
  journal = {SIAM Review},
  year = {2001},
  volume = {43},
  pages = {585-620},
  number = {4},
  publisher = {SIAM},
}

@BOOK{Bazaraa06,
  title = {Nonlinear Programming: Theory and Algorithms},
  publisher = {John Wiley \& Sons},
  year = {2006},
  author = {M. S. Bazaraa and H. D. Sherali and C. M. Shetty},
  edition = {3rd},
  month = jun,
  isbn = {0471486000},
  shorttitle = {Nonlinear Programming}
}

@ARTICLE{WeStSh06,
  title                    = {The Capacity Region of the {G}aussian Multiple-Input Multiple-Output Broadcast Channel},
  author                   = {Weingarten, H. and Steinberg, Y. and Shamai, S.},
  journal                  = IEEE_J_IT,
  year                     = {2006},
  month                    = sep,
  number                   = {9},
  pages                    = {3936--3964},
  volume                   = {52}
}

@ARTICLE{3gpp36211,
  title                    = {{TS 36.211 Technical Specification Group Radio Access Network; Physical  Channels and Modulation (Release 13), V13.2.0}},
  author                   = {3GPP},
  year                     = {2016},
  month                    = jun,
  volume                   = {13}
}

@BOOK{rohling,
  title = {OFDM - Concepts for Future Communication Systems},
  publisher = {Springer},
  year = {2011},
  author = {H. Rohling},
  edition = {3rd},
  month = jun,
  isbn = {0471486000},
}

@MANUAL{MIMOAFWGettingStarted,
  title                     = {{MIMO Prototyping SystemGetting Started Guide}},
  publisher                 = {National Instruments},
  year                      = {2016},
}

@MANUAL{LTEAFWGettingStarted,
  title                     = {{LTE Prototyping SystemGetting Started Guide}},
  publisher                 = {National Instruments},
  year                      = {2016},
}

