% Encoding: utf-8

@ARTICLE{Aldroubi01,
  author = {Akram Aldroubi and Karlheinz Gr√∂chenig},
  title = {Nonuniform Sampling and Reconstruction in Shift-Invariant Spaces},
  journal = {SIAM Review},
  year = {2001},
  volume = {43},
  pages = {585-620},
  number = {4},
  publisher = {SIAM},
}

@BOOK{Bazaraa06,
  title = {Nonlinear Programming: Theory and Algorithms},
  publisher = {John Wiley \& Sons},
  year = {2006},
  author = {M. S. Bazaraa and H. D. Sherali and C. M. Shetty},
  edition = {3rd},
  month = jun,
  isbn = {0471486000},
  shorttitle = {Nonlinear Programming}
}

@Article{WeStSh06,
  Title                    = {The Capacity Region of the {G}aussian Multiple-Input Multiple-Output Broadcast Channel},
  Author                   = {Weingarten, H. and Steinberg, Y. and Shamai, S.},
  Journal                  = IEEE_J_IT,
  Year                     = {2006},
  Month                    = sep,
  Number                   = {9},
  Pages                    = {3936--3964},
  Volume                   = {52}
}
