% Encoding: utf-8

@article{DBLP:journals/corr/DinhSB16,
  author    = {Laurent Dinh and
               Jascha Sohl{-}Dickstein and
               Samy Bengio},
  title     = {Density estimation using Real {NVP}},
  journal   = {CoRR},
  volume    = {abs/1605.08803},
  year      = {2016},
  url       = {http://arxiv.org/abs/1605.08803},
  archivePrefix = {arXiv},
  eprint    = {1605.08803},
  timestamp = {Mon, 13 Aug 2018 16:47:21 +0200},
  biburl    = {https://dblp.org/rec/journals/corr/DinhSB16.bib},
  bibsource = {dblp computer science bibliography, https://dblp.org}
}

@article{dinh2014nice,
  title     = {Nice: Non-linear independent components estimation},
  author    = {Dinh, Laurent and Krueger, David and Bengio, Yoshua},
  journals  = {arXiv preprint arXiv:1410.8516},
  year      = {2014}
}

@article{DBLP:journals/corr/KingmaSW16,
  author    = {Diederik P. Kingma and
               Tim Salimans and
               Max Welling},
  title     = {Improving Variational Inference with Inverse Autoregressive Flow},
  journal   = {CoRR},
  volume    = {abs/1606.04934},
  year      = {2016},
  url       = {http://arxiv.org/abs/1606.04934},
  archivePrefix = {arXiv},
  eprint    = {1606.04934},
  timestamp = {Mon, 13 Aug 2018 16:47:58 +0200},
  biburl    = {https://dblp.org/rec/journals/corr/KingmaSW16.bib},
  bibsource = {dblp computer science bibliography, https://dblp.org}
}

@inproceedings{papamakarios2017masked,
  title     = {Masked autoregressive flow for density estimation},
  author    = {Papamakarios, George and Pavlakou, Theo and Murray, Iain},
  booktitle = {Advances in Neural Information Processing Systems},
  pages     = {2338--2347},
  year      = {2017}
}

@article{papamakarios2019normalizing,
  title     = {Normalizing Flows for Probabilistic Modeling and Inference},
  author    = {Papamakarios, George and Nalisnick, Eric and Rezende, Danilo Jimenez and Mohamed, Shakir and Lakshminarayanan, Balaji},
  journals  = {arXiv preprint arXiv:1912.02762},
  year      = {2019}
}

@article{ardizzone2018analyzing,
  title={Analyzing inverse problems with invertible neural networks},
  author={Ardizzone, Lynton and Kruse, Jakob and Wirkert, Sebastian and Rahner, Daniel and Pellegrini, Eric W and Klessen, Ralf S and Maier-Hein, Lena and Rother, Carsten and K{\"o}the, Ullrich},
  journal={arXiv preprint arXiv:1808.04730},
  year={2018}
}

@article{hinton2012improving,
  title={Improving neural networks by preventing co-adaptation of feature detectors},
  author={Hinton, Geoffrey E and Srivastava, Nitish and Krizhevsky, Alex and Sutskever, Ilya and Salakhutdinov, Ruslan R},
  journal={arXiv preprint arXiv:1207.0580},
  year={2012}
}

@article{hellings2019measuring,
  title={Measuring impropriety in complex and real representations},
  author={Hellings, Christoph and Utschick, Wolfgang},
  journal={Signal Processing},
  volume={164},
  pages={267--283},
  year={2019},
  publisher={Elsevier}
}

@article{hu2020provable,
  title={Provable benefit of orthogonal initialization in optimizing deep linear networks},
  author={Hu, Wei and Xiao, Lechao and Pennington, Jeffrey},
  journal={arXiv preprint arXiv:2001.05992},
  year={2020}
}




